<?xml version="1.0" encoding="UTF-8"?><collection xmlns="http://www.loc.gov/MARC21/slim"><record><leader>00639nam--2200205-u-4500</leader><controlfield tag="001">000050781</controlfield><controlfield tag="002">20161230</controlfield><controlfield tag="005">20161230201048</controlfield><controlfield tag="008">080403s1000------------r-----000-0-eng-d</controlfield><datafield ind1=" " ind2=" " tag="020"><subfield code="a">0-7803-4714-5</subfield></datafield><datafield ind1=" " ind2=" " tag="040"><subfield code="a">IFIN-HH</subfield></datafield><datafield ind1=" " ind2=" " tag="080"><subfield code="a">533.9:53.06</subfield></datafield><datafield ind1="1" ind2=" " tag="100"><subfield code="a">Grill,Alfred</subfield></datafield><datafield ind1="1" ind2="0" tag="245"><subfield code="a">Cold Plasma in Materials Fabrication</subfield><subfield code="b">From Fundamentals to Applications</subfield><subfield code="c">Alfred Grill</subfield></datafield><datafield ind1=" " ind2=" " tag="260"><subfield code="a">New York</subfield><subfield code="b">The Institute of Electrical and Electronics Engineers, Inc</subfield><subfield code="c">1994</subfield></datafield><datafield ind1=" " ind2=" " tag="300"><subfield code="a">257 p</subfield></datafield><datafield ind1=" " ind2=" " tag="504"><subfield code="a">Includes Bibliographical References and Index</subfield></datafield><datafield ind1=" " ind2="4" tag="650"><subfield code="a">Plasma Engineering</subfield></datafield><datafield ind1=" " ind2=" " tag="852"><subfield code="a">81975</subfield><subfield code="c">533.9</subfield></datafield><datafield ind1=" " ind2=" " tag="CAT"><subfield code="a">Sys</subfield><subfield code="c">20101005</subfield><subfield code="h">103954</subfield></datafield></record></collection>